@misc{slamtec, title={RPLIDAR A1}, url={https://www.slamtec.com/en/lidar/a1}, journal={RPLIDAR A1 - Slamtec - Leading Service Robot Localization and Navigation Solution Provider}, publisher={Slamtec}, author={Huang, Tony}} 

@misc{logitech, title={Logitech BRIO Webcam with 4K Ultra HD video \& RightLight 3 with HDR}, url={https://www.logitech.com/en-us/product/brio}, journal={Webcam with 4K Ultra HD video & RightLight 3 with HDR}, publisher={Logitech }}

@misc{leddartech, title={Leddar Solid-State LiDAR: M16 Multi-element sensor module}, url={https://leddartech.com/modules/m16-multi-element-sensor-module/}, journal={Leddartech}} 

@misc{tensorflow, title={tensorflow/models}, url={https://github.com/tensorflow/models}, journal={GitHub}} 

@article{convolutional_object_detectors, title={Speed/Accuracy Trade-Offs for Modern Convolutional Object Detectors}, DOI={10.1109/cvpr.2017.351}, journal={2017 IEEE Conference on Computer Vision and Pattern Recognition (CVPR)}, author={Huang, Jonathan and Rathod, Vivek and Sun, Chen and Zhu, Menglong and Korattikara, Anoop and Fathi, Alireza and Fischer, Ian and Wojna, Zbigniew and Song, Yang and Guadarrama, Sergio and et al.}, year={2017}} 

@misc{coco, title={COCO - Common Objects in Context}, url={http://cocodataset.org/}, journal={COCO - Common Objects in Context}}
@misc{open_images, title={openimages/dataset}, url={https://github.com/openimages/dataset}, journal={GitHub}, year={2018}, month={Jan}} 
@misc{kitti, url={http://www.cvlibs.net/datasets/kitti/}, journal={The KITTI Vision Benchmark Suite}} 

@misc{nvidia, title={TensorFlow Framework \& GPU Acceleration from NVIDIA Data Center}, url={https://www.nvidia.com/en-us/data-center/gpu-accelerated-applications/tensorflow/}, journal={NVIDIA}} 

@misc{Microsoft, title={Creating a C++ extension for Python}, url={https://docs.microsoft.com/en-us/visualstudio/python/working-with-c-cpp-python-in-visual-studio}, journal={ Visual studio Docs}}

@misc{Ctypes, title={ctypes - A foreign function library for Python}, url={https://docs.python.org/3/library/ctypes.html#loading-shared-libraries}, journal={ Python Software Foundation}}  
