@misc{opencv, title={OpenCV library}, url={https://opencv.org/}, journal={OpenCV library}, publisher={OpenCV team}} 