1@misc{slamtec, title={RPLIDAR A1}, url={https://www.slamtec.com/en/lidar/a1}, journal={RPLIDAR A1 - Slamtec - Leading Service Robot Localization and Navigation Solution Provider}, publisher={Slamtec}, author={Huang, Tony}} 

@misc{logitech, title={Logitech BRIO Webcam with 4K Ultra HD video \& RightLight 3 with HDR}, url={https://www.logitech.com/en-us/product/brio}, journal={Webcam with 4K Ultra HD video & RightLight 3 with HDR}, publisher={Logitech }}
